@article{boneh2003applications,
  title     = {Applications of multilinear forms to cryptography},
  author    = {Boneh, Dan and Silverberg, Alice},
  journal   = {Contemporary Mathematics},
  volume    = {324},
  number    = {1},
  pages     = {71--90},
  year      = {2003},
  publisher = {Providence, RI: American Mathematical Society},
  doi       = {10.1090/conm/324}
}
@article{albrecht2020multilinear,
  title     = {Multilinear maps from obfuscation},
  author    = {Albrecht, Martin R. and Farshim, Pooya and Han, Shuai and Hofheinz, Dennis and Larraia, Enrique and Paterson, Kenneth G.},
  journal   = {Journal of Cryptology},
  pages     = {1--34},
  year      = {2020},
  publisher = {Springer},
  doi       = {10.1007/s00145-019-09340-0}
}
@article{liu2018build,
  title     = {How to build time-lock encryption},
  author    = {Liu, Jia and Jager, Tibor and Kakvi, Saqib A. and Warinschi, Bogdan},
  journal   = {Designs, Codes and Cryptography},
  volume    = {86},
  number    = {11},
  pages     = {2549--2586},
  year      = {2018},
  publisher = {Springer},
  doi       = {10.1007/s10623-018-0461-x}
}
@misc{cryptoeprint:2014:906,
  author       = {Jung Hee Cheon and
                  Kyoohyung Han and
                  Changmin Lee and
                  Hansol Ryu and
                  Damien Stehle},
  title        = {Cryptanalysis on the Multilinear Map over the Integers and its Related Problems},
  howpublished = {Cryptology ePrint Archive, Report 2014/906},
  year         = {2014},
  note         = {\url{https://ia.cr/2014/906}}
}
@misc{cryptoeprint:2013:183,
  author       = {Jean-Sebastien Coron and
                  Tancrede Lepoint and
                  Mehdi Tibouchi},
  title        = {Practical Multilinear Maps over the Integers},
  howpublished = {Cryptology ePrint Archive, Report 2013/183},
  year         = {2013},
  note         = {\url{https://ia.cr/2013/183}}
}
@misc{cryptoeprint:2016:135,
  author       = {Jung Hee Cheon and
                  Pierre-Alain Fouque and
                  Changmin Lee and
                  Brice Minaud and
                  Hansol Ryu},
  title        = {Cryptanalysis of the New CLT Multilinear Map over the Integers},
  howpublished = {Cryptology ePrint Archive, Report 2016/135},
  year         = {2016},
  note         = {\url{https://ia.cr/2016/135}}
}
@misc{cryptoeprint:2019:1254,
  author       = {Jiseung Kim and
                  Changmin Lee},
  title        = {Cryptanalysis of FRS Obfuscation based on the CLT13 Multilinear Map},
  howpublished = {Cryptology ePrint Archive, Report 2019/1254},
  year         = {2019},
  note         = {\url{https://ia.cr/2019/1254}}
}
@misc{cryptoeprint:2019:309,
  author       = {Jean-Sebastien Coron and
                  Luca Notarnicola},
  title        = {Cryptanalysis of CLT13 Multilinear Maps with Independent Slots},
  howpublished = {Cryptology ePrint Archive, Report 2019/309},
  year         = {2019},
  note         = {\url{https://ia.cr/2019/309}}
}
@misc{cryptoeprint:2017:946,
  author       = {Fermi Ma and
                  Mark Zhandry},
  title        = {The MMap Strikes Back: Obfuscation and New Multilinear Maps Immune to CLT13 Zeroizing Attacks},
  howpublished = {Cryptology ePrint Archive, Report 2017/946},
  year         = {2017},
  note         = {\url{https://ia.cr/2017/946}}
}
@phdthesis{zimmerman,
  author = {Zimmerman, Joseph Paul},
  school = {Stanford University, Computer Science Department},
  title  = {Cryptographic multilinear maps and their applications},
  year   = {2017},
  note   = {\url{https://purl.stanford.edu/bw212gd0504}}
}
@misc{cryptoeprint:mm_gentry,
  author       = {Sanjam Garg and
                  Craig Gentry and
                  Shai Halevi},
  title        = {Candidate Multilinear Maps from Ideal Lattices},
  howpublished = {Cryptology ePrint Archive, Report 2012/610},
  year         = {2012},
  note         = {\url{https://ia.cr/2012/610}}
}
@misc{cryptoeprint:ggh_attack,
  author       = {Yupu Hu and
                  Huiwen Jia},
  title        = {Cryptanalysis of GGH Map},
  howpublished = {Cryptology ePrint Archive, Report 2015/301},
  year         = {2015},
  note         = {\url{https://ia.cr/2015/301}}
}
@article{lenstra1982factoring,
  title     = {Factoring polynomials with rational coefficients},
  author    = {Lenstra, Arjen K. and Lenstra, Hendrik Willem and Lov{\'a}sz, L{\'a}szl{\'o}},
  journal   = {Mathematische Annalen},
  volume    = {261},
  pages     = {515--534},
  year      = {1982},
  publisher = {Springer Verlag},
  doi       = {10.1007/BF01457454}
}
